<record><leader>00000cas a22000007a 4500</leader><controlfield tag="001">21271129</controlfield><controlfield tag="008">900327d19821988mnuwr ne      0    0eng d</controlfield><datafield ind1=" " ind2=" " tag="010"><subfield code="a">sn 90060967 </subfield></datafield><datafield ind1=" " ind2=" " tag="040"><subfield code="a">MN#</subfield><subfield code="b">eng</subfield><subfield code="c">MN#</subfield><subfield code="d">OCLCQ</subfield><subfield code="d">OCLCF</subfield><subfield code="d">OCLCO</subfield></datafield><datafield ind1=" " ind2=" " tag="042"><subfield code="a">msc</subfield></datafield><datafield ind1=" " ind2=" " tag="043"><subfield code="a">n-us-mn</subfield></datafield><datafield ind1=" " ind2=" " tag="052"><subfield code="a">4144</subfield><subfield code="b">N3</subfield><subfield code="b">A7</subfield><subfield code="b">M9</subfield></datafield><datafield ind1=" " ind2=" " tag="052"><subfield code="a">4143</subfield><subfield code="b">R2</subfield></datafield><datafield ind1="0" ind2=" " tag="130"><subfield code="a">New Brighton bulletin (New Brighton, Minn. : 1982)</subfield></datafield><datafield ind1="1" ind2="0" tag="245"><subfield code="a">New Brighton bulletin.</subfield></datafield><datafield ind1=" " ind2=" " tag="260"><subfield code="a">New Brighton, Minn. :</subfield><subfield code="b">Lillie News,</subfield><subfield code="c">1982-1988.</subfield></datafield><datafield ind1=" " ind2=" " tag="300"><subfield code="a">7 v.</subfield></datafield><datafield ind1=" " ind2=" " tag="310"><subfield code="a">Weekly</subfield></datafield><datafield ind1="0" ind2=" " tag="362"><subfield code="a">Vol. 26, no. 1 (Apr. 15, 1982)-v. 32, no. 24 (Sept. 7, 1988).</subfield></datafield><datafield ind1=" " ind2=" " tag="530"><subfield code="a">Available on microfilm from the Minnesota Historical Society.</subfield></datafield><datafield ind1=" " ind2="0" tag="651"><subfield code="a">New Brighton (Minn.)</subfield><subfield code="v">Newspapers.</subfield></datafield><datafield ind1=" " ind2="0" tag="651"><subfield code="a">Arden Hills (Minn.)</subfield><subfield code="v">Newspapers.</subfield></datafield><datafield ind1=" " ind2="0" tag="651"><subfield code="a">Mounds View (Minn.)</subfield><subfield code="v">Newspapers.</subfield></datafield><datafield ind1=" " ind2="7" tag="655"><subfield code="a">Newspapers.</subfield><subfield code="2">fast</subfield><subfield code="0">(OCoLC)fst01423814</subfield></datafield><datafield ind1=" " ind2="7" tag="651"><subfield code="a">Minnesota</subfield><subfield code="z">Arden Hills.</subfield><subfield code="2">fast</subfield><subfield code="0">(OCoLC)fst01216188</subfield></datafield><datafield ind1=" " ind2="7" tag="651"><subfield code="a">Minnesota</subfield><subfield code="z">Mounds View.</subfield><subfield code="2">fast</subfield><subfield code="0">(OCoLC)fst01254229</subfield></datafield><datafield ind1=" " ind2="7" tag="651"><subfield code="a">Minnesota</subfield><subfield code="z">New Brighton.</subfield><subfield code="2">fast</subfield><subfield code="0">(OCoLC)fst01223271</subfield></datafield><datafield ind1=" " ind2=" " tag="752"><subfield code="a">United States</subfield><subfield code="b">Minnesota</subfield><subfield code="c">Ramsey</subfield><subfield code="d">New Brighton.</subfield></datafield><datafield ind1=" " ind2=" " tag="752"><subfield code="a">United States</subfield><subfield code="b">Minnesota</subfield><subfield code="c">Ramsey</subfield><subfield code="d">Arden Hills.</subfield></datafield><datafield ind1=" " ind2=" " tag="752"><subfield code="a">United States</subfield><subfield code="b">Minnesota</subfield><subfield code="c">Ramsey</subfield><subfield code="d">Mounds View.</subfield></datafield><datafield ind1="0" ind2="0" tag="780"><subfield code="t">Bulletin (New Brighton, Minn. : New Brighton ed.)</subfield><subfield code="w">(DLC)sn 90060966</subfield></datafield><datafield ind1="0" ind2="0" tag="785"><subfield code="t">New Brighton-Mounds View bulletin</subfield><subfield code="w">(DLC)sn 90060968</subfield></datafield></record>